%% This BibTeX bibliography file was created using BibDesk.
%% http://bibdesk.sourceforge.net/

%% Created for Patrick Hendriks at 2017-05-31 11:52:51 +0200 


%% Saved with string encoding Unicode (UTF-8) 



@url{nivel,
	Author = {Jos{\'e} Peeters},
	Date-Added = {2017-03-13 11:41:48 +0000},
	Date-Modified = {2017-05-31 09:52:35 +0000},
	Institution = {Nivel},
	Lastchecked = {13-03-2017},
	Title = {Technologie in de zorg thuis},
	Url = {https://www.nivel.nl/sites/default/files/bestanden/Rapport-Technologie-in-de-zorg-thuis.pdf?},
	Year = {2013},
	Bdsk-Url-1 = {https://www.nivel.nl/sites/default/files/bestanden/Rapport-Technologie-in-de-zorg-thuis.pdf?}}
